<?xml version="1.0" encoding="UTF-8"?><collection xmlns="http://www.loc.gov/MARC21/slim"><record><leader>00407nam--2200133-i-4500</leader><controlfield tag="001">000016219</controlfield><controlfield tag="002">20161230</controlfield><controlfield tag="005">20161230201031</controlfield><controlfield tag="008">060222s1000------------r-----000-0-eng-d</controlfield><datafield ind1=" " ind2=" " tag="100"><subfield code="a">Bernert, Traude Dr</subfield></datafield><datafield ind1=" " ind2=" " tag="245"><subfield code="a">Die kunstlische radioaktivitat in biologie und medizin. eine gemeinverstandliche einfuhrung. mit 27 textabbildungen</subfield></datafield><datafield ind1=" " ind2=" " tag="260"><subfield code="a">Wien, Springer-verlag, 1949</subfield></datafield><datafield ind1=" " ind2=" " tag="490"><subfield code="a">Vi + 83 P</subfield></datafield><datafield ind1=" " ind2=" " tag="852"><subfield code="a">4017</subfield></datafield></record></collection>